<?xml version="1.0" encoding="UTF-8" ?><marc:collection xmlns:marc="http://www.loc.gov/MARC21/slim" xmlns:xsi="http://www.w3.org/2001/XMLSchema-instance" xsi:schemaLocation="http://www.loc.gov/MARC21/slim http://www.loc.gov/standards/marcxml/schema/MARC21slim.xsd">
<marc:record><marc:leader>06479cam a2200565Ii 4500</marc:leader>
<marc:controlfield tag="001">b13024899</marc:controlfield>
<marc:controlfield tag="003">UaCaAUL</marc:controlfield><marc:controlfield tag="005">20161024120802.0</marc:controlfield><marc:controlfield tag="008">031016s1930    ua            000 0 araod</marc:controlfield><marc:datafield tag="035" ind1=" " ind2=" "><marc:subfield code="a">(OCoLC)60509944</marc:subfield></marc:datafield><marc:datafield tag="040" ind1=" " ind2=" "><marc:subfield code="a">MEAUC</marc:subfield><marc:subfield code="b">eng</marc:subfield><marc:subfield code="e">rda</marc:subfield><marc:subfield code="c">MEAUC</marc:subfield><marc:subfield code="d">OCLCG</marc:subfield><marc:subfield code="d">PUL</marc:subfield><marc:subfield code="d">GZM</marc:subfield><marc:subfield code="d">OCLCQ</marc:subfield><marc:subfield code="d">OCLCO</marc:subfield><marc:subfield code="d">OCLCF</marc:subfield><marc:subfield code="d">OCLCO</marc:subfield><marc:subfield code="d">MEAUC</marc:subfield><marc:subfield code="d">OCLCO</marc:subfield><marc:subfield code="d">MEAUC</marc:subfield></marc:datafield><marc:datafield tag="049" ind1=" " ind2=" "><marc:subfield code="a">MAIN</marc:subfield></marc:datafield><marc:datafield tag="050" ind1=" " ind2="4"><marc:subfield code="a">BC66.A7</marc:subfield><marc:subfield code="b">K3 1930</marc:subfield></marc:datafield><marc:datafield tag="066" ind1=" " ind2=" "><marc:subfield code="c">(3</marc:subfield><marc:subfield code="c">(4</marc:subfield></marc:datafield><marc:datafield tag="090" ind1=" " ind2=" "><marc:subfield code="a">BC66.A7</marc:subfield><marc:subfield code="b">K3 1930</marc:subfield></marc:datafield><marc:datafield tag="100" ind1="1" ind2=" "><marc:subfield code="6">880-01</marc:subfield><marc:subfield code="a">Kalanbawī, Ismāʻīl ibn Muṣṭafá,</marc:subfield><marc:subfield code="d">-1790 or 1791,</marc:subfield><marc:subfield code="e">author.</marc:subfield></marc:datafield><marc:datafield tag="245" ind1="1" ind2="0"><marc:subfield code="6">880-02</marc:subfield><marc:subfield code="a">Kitāb al-Burhān /</marc:subfield><marc:subfield code="c">li-afḍal al-mutaʼakhirīn, ʻallāmat al-ʻaṣr, wa-farīd al-dahr al-Shaykh Ismāʻīl ibn Muṣṭafá al-maʻrūf bi-Shaykh Zādah al-Kalanbawī al-mutawaffá sanat 1205. Wa-yalīhi ḥawāshīhi ʻalayhi (yaʻnī munhawātih). Wa-yalīhi ayḍan ḥāshiyat al-ʻallāmah al-muḥaqqiq Mullā ʻAbd al-Raḥmān al-Panjayūnī, wa-ḥāshiyat al-faḍil al-mudaqqiq al-mashhūr bi-Ibn al-Qarah Dāghī, kilāhumā min mashāhīr muḥaqqiqī ʻulamāʼ al-Akrād ; qad waqafa ʻalá taṣḥīḥ hādhihi al-majmūʻah ḥaḍrat al-ʻallāmah al-muḥaqqiq al-Shaykh Maḥmūd al-Imām al-Manṣūrī min kibār al-ʻulamāʼ al-mudarrisīn bi-al-Azhar al-Sharīf.</marc:subfield></marc:datafield><marc:datafield tag="246" ind1="3" ind2=" "><marc:subfield code="6">880-03</marc:subfield><marc:subfield code="a">Burhān.</marc:subfield></marc:datafield><marc:datafield tag="264" ind1=" " ind2="1"><marc:subfield code="6">880-04</marc:subfield><marc:subfield code="a">Miṣr :</marc:subfield><marc:subfield code="b">Faraj Allāh Zakī al-Kurdī,</marc:subfield><marc:subfield code="c">[1349 H. 1930 M]</marc:subfield></marc:datafield><marc:datafield tag="264" ind1=" " ind2="3"><marc:subfield code="6">880-05</marc:subfield><marc:subfield code="a">Miṣr :</marc:subfield><marc:subfield code="b">Maṭbaʻat al-Saʻādah bi-jiwār Muḥāfaẓat Miṣr.</marc:subfield></marc:datafield><marc:datafield tag="300" ind1=" " ind2=" "><marc:subfield code="a">419 pages ;</marc:subfield><marc:subfield code="c">23 cm.</marc:subfield></marc:datafield><marc:datafield tag="336" ind1=" " ind2=" "><marc:subfield code="a">text</marc:subfield><marc:subfield code="b">txt</marc:subfield><marc:subfield code="2">rdacontent.</marc:subfield></marc:datafield><marc:datafield tag="337" ind1=" " ind2=" "><marc:subfield code="a">unmediated</marc:subfield><marc:subfield code="b">n</marc:subfield><marc:subfield code="2">rdamedia.</marc:subfield></marc:datafield><marc:datafield tag="338" ind1=" " ind2=" "><marc:subfield code="a">volume</marc:subfield><marc:subfield code="b">nc</marc:subfield><marc:subfield code="2">rdacarrier.</marc:subfield></marc:datafield><marc:datafield tag="500" ind1=" " ind2=" "><marc:subfield code="6">880-06</marc:subfield><marc:subfield code="a">Tanbīh: Waḍaʻnā al-burhān fī ṣadr al-ṣulb, wa-baʻdahu ḥawāshī al-muṣannif, wa-baʻduhā ḥāshiyat al-Panjayūnī, wa-baʻduhā ayḍan ḥāshiyat Ibn al-Qarah Dāghī, wa-faṣalnā al-kull bi-jadāwil maʻa murāʻāt muwāfaqat al-mabāḥith fī al-jamīʻ ....</marc:subfield></marc:datafield><marc:datafield tag="500" ind1=" " ind2=" "><marc:subfield code="6">880-07</marc:subfield><marc:subfield code="a">Ḥuqūq al-ṭabʻ maḥfūẓah li-nāshirihi wa-mubāshir ṭabʻihi wa-taṣḥīḥihi (Faraj Allāh Zakī al-Kurdī).</marc:subfield></marc:datafield><marc:datafield tag="500" ind1=" " ind2=" "><marc:subfield code="6">880-08</marc:subfield><marc:subfield code="a">Yuṭlabu hādhā al-kitāb maʻa shurūḥ al-talkhīṣ, wa-sharḥ al-musāyarah li-Ibn al-Humām wa-ḥawāshī al-ʻaqāʼid al-nasfīyah wa-farāʼid al-laʼālī min rasāʼl al-Ghazzālī wa-sharḥ al-maḍmūn bi-hi ʻalá ghayr ahlihi wa-āfāt al-ijtimāʻ wa-ghayrihā min multazim ṭabʻihā Faraj Allāh Zakī al-Kurdī bi-būstit al-Azhar bi-Miṣr, wa-yuṭlabu ayḍan maʻa al-kutub al-madhkūrah fī al-ʻIrāq al-ʻArabī min al-fāḍil (Mullā ʻAbd al-Raḥīm al-Maryawānī) bi-Jāmiʻ Hamzat Aghā bi-Sulaymānī.</marc:subfield></marc:datafield><marc:datafield tag="500" ind1=" " ind2=" "><marc:subfield code="6">880-09</marc:subfield><marc:subfield code="a">Ḥuqūq iʻādat ṭabʻ hādhā al-kitāb maḥfūẓah li-nāshirihi (Faraj Allāh Zakī) bi-mūjab khaṭṭ al-mūʼllif al-madhkūr adnāh &quot;laqad aʻṭayt ḥuqūq iʻādat ṭabʻ ḥāshiyatā hādhihi ʻalá al-burhān li-nāshirihi al-Shaykh Faraj Allāh Zakī al-Kurdī&quot;, Ibn al-qarah Dāghī,.27 Dhū al-Ḥijjah sanat 1347.</marc:subfield></marc:datafield><marc:datafield tag="500" ind1=" " ind2=" "><marc:subfield code="a">Date from conclusion.</marc:subfield></marc:datafield><marc:datafield tag="500" ind1=" " ind2=" "><marc:subfield code="a">Title page has publisher's stamp.</marc:subfield></marc:datafield><marc:datafield tag="650" ind1=" " ind2="0"><marc:subfield code="a">Logic</marc:subfield><marc:subfield code="v">Early works to 1800.</marc:subfield></marc:datafield><marc:datafield tag="700" ind1="1" ind2=" "><marc:subfield code="6">880-10</marc:subfield><marc:subfield code="a">Panjayūnī, Mullā ʻAbd al-Raḥmān.</marc:subfield></marc:datafield><marc:datafield tag="700" ind1="0" ind2=" "><marc:subfield code="6">880-11</marc:subfield><marc:subfield code="a">Ibn al-Qarah Dāghī.</marc:subfield></marc:datafield><marc:datafield tag="700" ind1="1" ind2=" "><marc:subfield code="6">880-12</marc:subfield><marc:subfield code="a">Manṣūrī, Maḥmūd al-Imām.</marc:subfield></marc:datafield><marc:datafield tag="880" ind1="1" ind2=" "><marc:subfield code="6">100-01/(3/r</marc:subfield><marc:subfield code="a">كلنبوي، إسماعيل بن مصطفى،‪</marc:subfield><marc:subfield code="d">1790 أو 1791,‪</marc:subfield><marc:subfield code="e">author.</marc:subfield></marc:datafield><marc:datafield tag="880" ind1="1" ind2="0"><marc:subfield code="6">245-02/(3/r</marc:subfield><marc:subfield code="a">كتاب البرهان /‪</marc:subfield><marc:subfield code="c">لافضل المتأخرين، علامة العصر، وفريد الدهر الشيخ اسماعيل بن مصطفى المعروف بشيخ زادة الكلنبوي المتوفى سنة 1205, ويليه حواشيه عليه (يعني منهواته)، ويليه ايضن حاشية العلامة المحقق ملا عبد الرحمن الپنجيوني، وحاشية الفضل المدقق المشهور بابن القرة داغي، كلاهما من مشاهير محققي علماء الاكراد ؛ قد وقف على تصحيح هذه المجموعة حضرة العلامة المحقق الشيخ محمود الامام المنصوري من كبار العلماء المدرسين بالأزهر الشريف..</marc:subfield></marc:datafield><marc:datafield tag="880" ind1="3" ind2=" "><marc:subfield code="6">246-03/(3/r</marc:subfield><marc:subfield code="a">برهان.</marc:subfield></marc:datafield><marc:datafield tag="880" ind1=" " ind2="1"><marc:subfield code="6">264-04/(3/r</marc:subfield><marc:subfield code="a">[القاهرة] :‪</marc:subfield><marc:subfield code="b">فرج الله زكي الكردي،‪</marc:subfield><marc:subfield code="c">[1349 ه. 1930 م]</marc:subfield></marc:datafield><marc:datafield tag="880" ind1=" " ind2="3"><marc:subfield code="6">264-05/(3/r</marc:subfield><marc:subfield code="a">[القاهرة], مصر :‪</marc:subfield><marc:subfield code="b">مطبعة السعادة بجوار محافظة مصر..</marc:subfield></marc:datafield><marc:datafield tag="880" ind1=" " ind2=" "><marc:subfield code="6">500-06/(3/r</marc:subfield><marc:subfield code="a">تنبيه: وضعنا البرهان في صدر الصلب، وبعده حواشي المصنف، وبعدها حاشية البنجيوني، وبعدها ايضا حاشية ابن القرة داغي، وفصلنا الكل بجداول مع مراعات موافقة المباحث في الجميع فليعلم..</marc:subfield></marc:datafield><marc:datafield tag="880" ind1=" " ind2=" "><marc:subfield code="6">500-07/(3/r</marc:subfield><marc:subfield code="a">حقوق الطبع محفوظة لناشره ومباشر طبعه وتصحيحه (فرج الله زكي الكردي)..</marc:subfield></marc:datafield><marc:datafield tag="880" ind1=" " ind2=" "><marc:subfield code="6">500-08/(3/r</marc:subfield><marc:subfield code="a">يطلب هذا الكتاب مع شروح التلخيص، وشرح المسايرة لابن الهمام وحواشي العقائد النسفية وفرائد اللآلي من رسائل الغزالي وشرح المضمون به على غير اهل وآفات الاجتماع وغيرها من ملتزم طبعها فرج الله زكي الكردي ببوستة الازهر بمصر، ويطلب ايضا مع الكتب المذكورة في العراق العربي من الفاضل (ملا عبد الرحيم المريوانى) بجامع همزة اغا بسليماني..</marc:subfield></marc:datafield><marc:datafield tag="880" ind1=" " ind2=" "><marc:subfield code="6">500-09/(3/r</marc:subfield><marc:subfield code="a">حقوق اعادة طبع هذا الكتاب محفوظة لناشره (فرج الله زكي) بموجب خط المؤلف المذكورة ادناه &quot;لقد اعطيت حقوق اعادة طبع حاشيتا هذه على البرهان لناشره الشيخ فرج الله زكي الكردي&quot; ابن القرة داغي،.27 ذو الحجة سنة 1347.</marc:subfield></marc:datafield><marc:datafield tag="880" ind1="1" ind2=" "><marc:subfield code="6">700-10/(4/r</marc:subfield><marc:subfield code="a">پنجيوني، ملا عبد الرحمن..</marc:subfield></marc:datafield><marc:datafield tag="880" ind1="0" ind2=" "><marc:subfield code="6">700-11/(3/r</marc:subfield><marc:subfield code="a">ابن القره داغي..</marc:subfield></marc:datafield><marc:datafield tag="880" ind1="1" ind2=" "><marc:subfield code="6">700-12/(3/r</marc:subfield><marc:subfield code="a">منصوري، محمود الامام..</marc:subfield></marc:datafield><marc:datafield tag="907" ind1=" " ind2=" "><marc:subfield code="a">.b13024899</marc:subfield><marc:subfield code="b">main </marc:subfield></marc:datafield><marc:datafield tag="902" ind1=" " ind2=" "><marc:subfield code="a">180205</marc:subfield></marc:datafield><marc:datafield tag="998" ind1=" " ind2=" "><marc:subfield code="b">1</marc:subfield><marc:subfield code="c">031026</marc:subfield><marc:subfield code="d">m</marc:subfield><marc:subfield code="e">a</marc:subfield><marc:subfield code="f">-</marc:subfield><marc:subfield code="g">0</marc:subfield><marc:subfield code="k">TA</marc:subfield></marc:datafield><marc:datafield tag="945" ind1=" " ind2=" "><marc:subfield code="l">main </marc:subfield></marc:datafield></marc:record>
</marc:collection>
